% Książka. ;)
@book{Stallings11kryptografia,
    author =       {Stallings, W.},
    title =        {{Kryptografia i bezpieczeństwo sieci komputerowych. Matematyka szyfrów i techniki kryptologii}},
    year =         {2011},
    month =        nov,
    day =          {24},
    isbn =         {9788324629862},
    edition =      {5th},
    publisher =    {Helion},
}

% Strona internetowa.
@MISC{Gogolewski13seminarium,
    author =       {Gogolewski, M.},
    title =        {{Seminarium ZATABEDA, część: bezpieczeństwo danych i kryptografia}},
    howpublished = {\url{http://marcing.faculty.wmi.amu.edu.pl/seminarium.html}},
    year =         {2013},
    note =         {Dostęp: 2015-07-22},
}

% Artykuł w Internecie.
@MISC{Rodrigues13howtowrite,
    author =       {Rodrigues, V.},
    title =        {{How to write an effective title and abstract and choose appropriate keywords}},
    howpublished = {\url{http://www.editage.com/insights/how-to-write-an-effective-title-and-abstract-and-choose-appropriate-keywords}},
    year =         {2013},
    month =        nov,
    day =          {4},
    note =         {Dostęp: 2015-07-22},
}

% Wiadomość z grup dyskusyjnych.
@MISC{Marsaglia99randomnum,
    author =       {Marsaglia, G.},
    title =        {{Random numbers for C: The END?}},
    year =         {1999},
    month =        jan,
    day =          {20},
    howpublished = "Message-ID 36A5FC62.17C9CC33@stat.fsu.edu w~grupach dyskusyjnych sci.math i~sci.stat.math",
    note =         {Dostęp: 2015-07-22},
}

% Prezentacja lub wykład.
@MISC{Hanc15szumy,
    author =       {Hanc, M.M.},
    title =        {{Szumy pseudolosowych map.}},
    howpublished = {\url{http://marcing.faculty.wmi.amu.edu.pl/prezentacje/szumy}},
    year =         {2015},
    month =        mar,
    day =          {3},
    pages =        {30--33},
    numpage =      {4},
    note =         {Dostęp: 2015-07-22},
}
