@book{Praktyczna16,
	author =	   {Gynvael, C. and Jurczyk, M.},
	author =	   {Antoniak, G.},
	author =	   {Hasherezade},
	author =	   {Kotowicz, M.},
	author =	   {Hartung, M.},
	author =	   {Krzywicki, M.},
	author =	   {Kowalczyk, M.},
	author =	   {Bania, P.},
	author =	   {Święcki, R.},
	author =	   {Bukowski, T.},
	author =	   {Kwiecień, T.},
	title =		{{Praktyczna inżynieria wsteczna metody, techniki i narzędzia}},
	year =		 {2016},
	isbn =		 {9788301189518},
	edition =	  {1th},
	publisher =	{Wydawnictwo Naukowe PWN},
	howpublished = {\url{http://ksiegarnia.pwn.pl/Praktyczna-inzynieria-wsteczna,650015920,p.html}},
}
