@book{Praktyczna16,
	author =	   {Gynvael, C. i Jurczyk, M.},
	title =			{{Praktyczna inżynieria wsteczna metody, techniki i narzędzia}},
	year =			{2016},
	isbn =			{9788301189518},
	edition =		{1th},
	publisher =		{Wydawnictwo Naukowe PWN},
	howpublished=	{\url{http://ksiegarnia.pwn.pl/Praktycznainzynieriawsteczna,650015920,p.html}},
}
